<record><leader>00000cas a22000007a 4500</leader><controlfield tag="001">33031338</controlfield><controlfield tag="008">950823d19uu1985ncuwr ne      0    0eng d</controlfield><datafield ind1=" " ind2=" " tag="010"><subfield code="a">sn 95072341 </subfield></datafield><datafield ind1=" " ind2=" " tag="040"><subfield code="a">NVJ</subfield><subfield code="b">eng</subfield><subfield code="c">NVJ</subfield><subfield code="d">OCLCQ</subfield></datafield><datafield ind1=" " ind2=" " tag="042"><subfield code="a">msc</subfield></datafield><datafield ind1="0" ind2="4" tag="245"><subfield code="a">The Robbins record.</subfield></datafield><datafield ind1=" " ind2=" " tag="260"><subfield code="a">Robbins, N.C. :</subfield><subfield code="b">H. Clifton Blue</subfield></datafield><datafield ind1=" " ind2=" " tag="300"><subfield code="a">v.</subfield></datafield><datafield ind1=" " ind2=" " tag="310"><subfield code="a">Weekly</subfield></datafield><datafield ind1="0" ind2=" " tag="362"><subfield code="a">-v. 28, no. 11 (Oct. 30, 1985).</subfield></datafield><datafield ind1=" " ind2=" " tag="580"><subfield code="a">Merged with: Moore County news, and: Sandhill citizen and news outlook, to form: Citizen news-record (Robbins edition), and: Citizen news-record (County edition).</subfield></datafield><datafield ind1=" " ind2=" " tag="588"><subfield code="a">Description based on: Vol. 12, no. 17 (Jan. 1, 1970).</subfield></datafield><datafield ind1=" " ind2=" " tag="752"><subfield code="a">United States</subfield><subfield code="b">North Carolina</subfield><subfield code="c">Moore</subfield><subfield code="d">Robbins.</subfield></datafield><datafield ind1="1" ind2="7" tag="785"><subfield code="t">Moore County news</subfield><subfield code="w">(DLC)sn 92074101</subfield></datafield><datafield ind1="1" ind2="7" tag="785"><subfield code="t">Sandhill citizen and news outlook</subfield><subfield code="w">(DLC)sn 83003608</subfield></datafield><datafield ind1="1" ind2="7" tag="785"><subfield code="t">Citizen news-record (Robbins edition)</subfield><subfield code="w">(DLC)sn 85005360</subfield></datafield><datafield ind1="1" ind2="7" tag="785"><subfield code="t">Citizen news-record (County edition)</subfield></datafield></record>